<?xml version="1.0" encoding="UTF-8"?><collection xmlns="http://www.loc.gov/MARC21/slim"><record><leader>00369nam--2200121-i-4500</leader><controlfield tag="001">000008664</controlfield><controlfield tag="002">20161230</controlfield><controlfield tag="005">20161230201027</controlfield><controlfield tag="008">060222s1000------------r-----000-0-eng-d</controlfield><datafield ind1=" " ind2=" " tag="100"><subfield code="a">Brownell, G.L., Mahoney, F.J.And Fitzgerald, J.J</subfield></datafield><datafield ind1=" " ind2=" " tag="245"><subfield code="a">Mathematical theory of radiation dosimetry</subfield></datafield><datafield ind1=" " ind2=" " tag="260"><subfield code="a">New York, Gordon And Breach Sci.Publ.Inc.,1967 Ix + 747 P</subfield></datafield><datafield ind1=" " ind2=" " tag="852"><subfield code="a">29561</subfield></datafield></record></collection>